<?xml version="1.0" encoding="UTF-8"?><collection xmlns="http://www.loc.gov/MARC21/slim"><record><leader>00356nam--2200133-i-4500</leader><controlfield tag="001">000028227</controlfield><controlfield tag="002">20161230</controlfield><controlfield tag="005">20161230201037</controlfield><controlfield tag="008">060222s1000------------r-----000-0-eng-d</controlfield><datafield ind1=" " ind2=" " tag="100"><subfield code="a">Iurcova, M.I</subfield></datafield><datafield ind1=" " ind2=" " tag="245"><subfield code="a">Senina, r.m</subfield></datafield><datafield ind1=" " ind2=" " tag="260"><subfield code="a">Turnare De Inalta Precizie A Pieselor Mici</subfield></datafield><datafield ind1=" " ind2=" " tag="490"><subfield code="a">Bucuresti,Editura Energetica De Stat, 1953. 64p</subfield></datafield><datafield ind1=" " ind2=" " tag="852"><subfield code="a">621.74.681</subfield></datafield></record></collection>